@misc{rust_book,
    title = {The Rust Programming Language},
    author = {Steve Klabnik and Carol Nichols},
    year = {2024},
    note = {\url{https://doc.rust-lang.org/book/}},
}

@misc{rust_youtube_intro,
    title = {Apprendre Rust - Introduction},
    author = {Eddie Gerbais-Nief},
    year = {2024},
    note = {\url{https://www.youtube.com/watch?v=mZasv3__A9k}},
}

@misc{rust_youtube_ch2,
    title = {Apprendre Rust - Chapitre 2},
    author = {Eddie Gerbais-Nief},
    year = {2024},
    note = {\url{https://www.youtube.com/watch?v=wgjw5lGv-EI}},
}

@misc{rust_youtube_ch3,
    title = {Apprendre Rust - Chapitre 3},
    author = {Eddie Gerbais-Nief},
    year = {2024},
    note = {\url{https://www.youtube.com/watch?v=3kBk3sjREOM}},
}

@misc{keylogger_repo,
    title = {Keylogger},
    author = {Gurdeep Singh},
    year = {2020},
    note = {Code source \url{https://github.com/gsingh93/keylogger/tree/master}},
}

@misc{udev_doc,
    title = {udev — Rust documentation},
    author = {The udev crate contributors},
    year = {2024},
    note = {\url{https://docs.rs/udev/latest/udev/}},
}

@misc{uinput_doc,
    title = {uinput — Rust documentation},
    author = {The uinput crate contributors},
    year = {2024},
    note = {\url{https://docs.rs/uinput/latest/uinput/}},
}

@misc{uinput_article,
    title = {Une introduction à uinput},
    author = {linuxembedded.fr},
    year = {2023},
    note = {\url{https://linuxembedded.fr/2023/04/une-introduction-a-uinput}},
}

@misc{keymap_stackoverflow,
    title = {How can I translate Linux keycodes from /dev/input/event to ASCII
             in Perl?},
    author = {Stack Overflow},
    year = {2010},
    note = {\url{
            https://stackoverflow.com/questions/2547616/how-can-i-translate-linux-keycodes-from-dev-input-event-to-ascii-in-perl
            }},
}

@misc{pyo3,
    title = {PyO3 - Rust bindings for Python},
    author = {PyO3 Developers},
    year = {2024},
    note = {\url{https://pyo3.rs/v0.24.2/}},
}




@misc{new2019lexique,
    author = {Boris New and Christophe Pallier},
    title = {Lexique 3.83},
    year = {2019},
    howpublished = {\url{http://www.lexique.org/}},
    note = {Lexical database for French, version 3.83},
}


@misc{autocomplete_youtube,
    title = {Auto-complete with Deep Learning},
    author = {Data School},
    year = {2021},
    note = {\url{https://www.youtube.com/watch?v=NEaUSP4YerM}},
}


@misc{wikipedia_levenshtein,
    title = {Distance de Levenshtein},
    author = {Wikipedia},
    year = {2024},
    note = {\url{https://fr.wikipedia.org/wiki/Distance_de_Levenshtein}},
}

@misc{geeks_damerau,
    title = {Damerau-Levenshtein Distance},
    author = {GeeksForGeeks},
    year = {2021},
    note = {\url{https://www.geeksforgeeks.org/damerau-levenshtein-distance/}},
}



@misc{statquest_markov,
    title = {Markov Chains - Clearly Explained},
    author = {StatQuest with Josh Starmer},
    year = {2020},
    note = {\url{https://www.youtube.com/watch?v=uvYTGEZQTEs}},
}

@misc{brilliant_markov,
    title = {Markov Chains},
    author = {Brilliant.org},
    year = {2023},
    note = {\url{https://brilliant.org/wiki/markov-chains/}},
}



