@misc{rust_book,
  title = {The Rust Programming Language},
  author = {Steve Klabnik and Carol Nichols},
  year = {2024},
  note = {\url{https://doc.rust-lang.org/book/}}
}

@misc{rust_youtube_intro,
  title = {Apprendre Rust - Introduction},
  author = {Eddie Gerbais-Nief},
  year = {2024},
  note = {\url{https://www.youtube.com/watch?v=mZasv3__A9k}}
}

@misc{rust_youtube_ch2,
  title = {Apprendre Rust - Chapitre 2},
  author = {Eddie Gerbais-Nief},
  year = {2024},
  note = {\url{https://www.youtube.com/watch?v=wgjw5lGv-EI}}
}

@misc{rust_youtube_ch3,
  title = {Apprendre Rust - Chapitre 3},
  author = {Eddie Gerbais-Nief},
  year = {2024},
  note = {\url{https://www.youtube.com/watch?v=3kBk3sjREOM}}
}

@misc{keylogger_repo,
  title = {Keylogger},
  author = {Gurdeep Singh},
  year = {2020},
  note = {Code source \url{https://github.com/gsingh93/keylogger/tree/master}}
}

@misc{udev_doc,
  title = {udev — Rust documentation},
  author = {The udev crate contributors},
  year = {2024},
  note = {\url{https://docs.rs/udev/latest/udev/}}
}

@misc{uinput_doc,
  title = {uinput — Rust documentation},
  author = {The uinput crate contributors},
  year = {2024},
  note = {\url{https://docs.rs/uinput/latest/uinput/}}
}

@misc{uinput_article,
  title = {Une introduction à uinput},
  author = {linuxembedded.fr},
  year = {2023},
  note = {\url{https://linuxembedded.fr/2023/04/une-introduction-a-uinput}}
}

@misc{keymap_stackoverflow,
  title = {How can I translate Linux keycodes from /dev/input/event to ASCII in Perl?},
  author = {Stack Overflow},
  year = {2010},
  note = {\url{https://stackoverflow.com/questions/2547616/how-can-i-translate-linux-keycodes-from-dev-input-event-to-ascii-in-perl}}
}

@misc{pyo3,
  title = {PyO3 - Rust bindings for Python},
  author = {PyO3 Developers},
  year = {2024},
  note = {\url{https://pyo3.rs/v0.24.2/}}
}

@misc{levenshtein,
  title = {Distance de Levenshtein},
  author = {Wikipedia},
  year = {2024},
  note = {\url{https://fr.wikipedia.org/wiki/Distance_de_Levenshtein}}
}

@misc{openlexicon,
  title = {Liste de mots français - Gutenberg},
  author = {Christophe Plassard},
  year = {2019},
  note = {\url{https://github.com/chrplr/openlexicon/blob/master/datasets-info/Liste-de-mots-francais-Gutenberg/liste.de.mots.francais.frgut.txt}}
}

